<record><leader>00000cas a22000007a 4500</leader><controlfield tag="001">27254555</controlfield><controlfield tag="008">930114d19351948cauwr ne      0    0eng d</controlfield><datafield ind1=" " ind2=" " tag="010"><subfield code="a">sn 92069557 </subfield></datafield><datafield ind1=" " ind2=" " tag="040"><subfield code="a">CUY</subfield><subfield code="b">eng</subfield><subfield code="c">CNK</subfield><subfield code="d">OCLCQ</subfield><subfield code="d">OCLCF</subfield><subfield code="d">OCLCO</subfield></datafield><datafield ind1=" " ind2=" " tag="042"><subfield code="a">msc</subfield></datafield><datafield ind1=" " ind2=" " tag="043"><subfield code="a">n-us-ca</subfield></datafield><datafield ind1="0" ind2=" " tag="130"><subfield code="a">Randsburg times (Randsburg, Calif. : 1935)</subfield></datafield><datafield ind1="1" ind2="4" tag="245"><subfield code="a">The Randsburg times.</subfield></datafield><datafield ind1=" " ind2=" " tag="260"><subfield code="a">Randsburg, Kern Co., Calif. :</subfield><subfield code="b">Earl W. Smith</subfield></datafield><datafield ind1=" " ind2=" " tag="300"><subfield code="a">v.</subfield></datafield><datafield ind1=" " ind2=" " tag="310"><subfield code="a">Weekly</subfield></datafield><datafield ind1="1" ind2=" " tag="362"><subfield code="a">Began in 1935.</subfield></datafield><datafield ind1="0" ind2=" " tag="362"><subfield code="a">-v. 22, no. 39 (Sept. 23, 1948).</subfield></datafield><datafield ind1=" " ind2=" " tag="500"><subfield code="a">"Miners ed." &lt;-Apr. 22, 1937&gt;.</subfield></datafield><datafield ind1=" " ind2=" " tag="588"><subfield code="a">Description based on: Vol. 11, no. 1 (Jan. 7, 1937).</subfield></datafield><datafield ind1=" " ind2="0" tag="651"><subfield code="a">Randsburg (Calif.)</subfield><subfield code="v">Newspapers.</subfield></datafield><datafield ind1=" " ind2="7" tag="655"><subfield code="a">Newspapers.</subfield><subfield code="2">fast</subfield><subfield code="0">(OCoLC)fst01423814</subfield></datafield><datafield ind1=" " ind2="7" tag="651"><subfield code="a">California</subfield><subfield code="z">Randsburg.</subfield><subfield code="2">fast</subfield><subfield code="0">(OCoLC)fst01292885</subfield></datafield><datafield ind1=" " ind2=" " tag="752"><subfield code="a">United States</subfield><subfield code="b">California</subfield><subfield code="c">Kern</subfield><subfield code="d">Randsburg.</subfield></datafield><datafield ind1="0" ind2="1" tag="780"><subfield code="t">Tehachapi news and the Mojave-Randsburg record-times</subfield><subfield code="w">(DLC)sn 93053318</subfield></datafield><datafield ind1="0" ind2="7" tag="785"><subfield code="t">Ridgecrest herald</subfield></datafield><datafield ind1="0" ind2="7" tag="785"><subfield code="t">Times-herald (Randsburg, Calif.)</subfield><subfield code="w">(DLC)sn 92069556</subfield></datafield></record>